<?xml version="1.0" encoding="UTF-8"?><record xmlns="http://www.loc.gov/MARC21/slim" xmlns:cinclude="http://apache.org/cocoon/include/1.0" xmlns:zs="http://www.loc.gov/zing/srw/">
  <leader>00422nz  a2200145n  4500</leader>
  <controlfield tag="001">no2012122619</controlfield>
  <controlfield tag="003">DLC</controlfield>
  <controlfield tag="005">20120914075308.0</controlfield>
  <controlfield tag="008">120912n| azannaabn          |a aaa     c</controlfield>
  <datafield tag="010" ind1=" " ind2=" ">
    <subfield code="a">no2012122619</subfield>
  </datafield>
  <datafield tag="035" ind1=" " ind2=" ">
    <subfield code="a">(OCoLC)oca09300329</subfield>
  </datafield>
  <datafield tag="040" ind1=" " ind2=" ">
    <subfield code="a">ICU</subfield>
    <subfield code="b">eng</subfield>
    <subfield code="e">rda</subfield>
    <subfield code="c">ICU</subfield>
  </datafield>
  <datafield tag="100" ind1="1" ind2=" ">
    <subfield code="a">Bala패zs, Be패la,</subfield>
    <subfield code="d">1884-1949.</subfield>
    <subfield code="t">Sichtbare Mensch.</subfield>
    <subfield code="l">Italian</subfield>
  </datafield>
  <datafield tag="400" ind1="1" ind2=" ">
    <subfield code="a">Bala패zs, Be패la,</subfield>
    <subfield code="d">1884-1949.</subfield>
    <subfield code="t">Uomo visibile</subfield>
  </datafield>
  <datafield tag="670" ind1=" " ind2=" ">
    <subfield code="a">L'uomo visibile, 2008.</subfield>
  </datafield>
</record>